%YAML 1.1
%TAG !u! tag:unity3d.com,2011:
--- !u!29 &1
SceneSettings:
  m_ObjectHideFlags: 0
  m_PVSData: 
  m_PVSObjectsArray: []
  m_PVSPortalsArray: []
  m_OcclusionBakeSettings:
    smallestOccluder: 5
    smallestHole: .25
    backfaceThreshold: 100
--- !u!104 &2
RenderSettings:
  m_Fog: 0
  m_FogColor: {r: .5, g: .5, b: .5, a: 1}
  m_FogMode: 3
  m_FogDensity: .00999999978
  m_LinearFogStart: 0
  m_LinearFogEnd: 300
  m_AmbientLight: {r: .200000003, g: .200000003, b: .200000003, a: 1}
  m_SkyboxMaterial: {fileID: 0}
  m_HaloStrength: .5
  m_FlareStrength: 1
  m_FlareFadeSpeed: 3
  m_HaloTexture: {fileID: 0}
  m_SpotCookie: {fileID: 0}
  m_ObjectHideFlags: 0
--- !u!127 &3
LevelGameManager:
  m_ObjectHideFlags: 0
--- !u!157 &4
LightmapSettings:
  m_ObjectHideFlags: 0
  m_LightProbes: {fileID: 0}
  m_Lightmaps: []
  m_LightmapsMode: 1
  m_BakedColorSpace: 0
  m_UseDualLightmapsInForward: 0
  m_LightmapEditorSettings:
    m_Resolution: 50
    m_LastUsedResolution: 0
    m_TextureWidth: 1024
    m_TextureHeight: 1024
    m_BounceBoost: 1
    m_BounceIntensity: 1
    m_SkyLightColor: {r: .860000014, g: .930000007, b: 1, a: 1}
    m_SkyLightIntensity: 0
    m_Quality: 0
    m_Bounces: 1
    m_FinalGatherRays: 1000
    m_FinalGatherContrastThreshold: .0500000007
    m_FinalGatherGradientThreshold: 0
    m_FinalGatherInterpolationPoints: 15
    m_AOAmount: 0
    m_AOMaxDistance: .100000001
    m_AOContrast: 1
    m_LODSurfaceMappingDistance: 1
    m_Padding: 0
    m_TextureCompression: 0
    m_LockAtlas: 0
--- !u!196 &5
NavMeshSettings:
  m_ObjectHideFlags: 0
  m_BuildSettings:
    agentRadius: .5
    agentHeight: 2
    agentSlope: 45
    agentClimb: .400000006
    ledgeDropHeight: 0
    maxJumpAcrossDistance: 0
    accuratePlacement: 0
    minRegionArea: 2
    widthInaccuracy: 16.666666
    heightInaccuracy: 10
  m_NavMesh: {fileID: 0}
--- !u!1001 &93147529
Prefab:
  m_ObjectHideFlags: 0
  serializedVersion: 2
  m_Modification:
    m_TransformParent: {fileID: 742879712}
    m_Modifications:
    - target: {fileID: 400000, guid: ee6cf5c7cde680846b39b0732038a6d2, type: 2}
      propertyPath: m_LocalPosition.x
      value: 8
      objectReference: {fileID: 0}
    - target: {fileID: 400000, guid: ee6cf5c7cde680846b39b0732038a6d2, type: 2}
      propertyPath: m_LocalPosition.y
      value: 0
      objectReference: {fileID: 0}
    - target: {fileID: 400000, guid: ee6cf5c7cde680846b39b0732038a6d2, type: 2}
      propertyPath: m_LocalPosition.z
      value: 0
      objectReference: {fileID: 0}
    - target: {fileID: 400000, guid: ee6cf5c7cde680846b39b0732038a6d2, type: 2}
      propertyPath: m_LocalRotation.x
      value: 0
      objectReference: {fileID: 0}
    - target: {fileID: 400000, guid: ee6cf5c7cde680846b39b0732038a6d2, type: 2}
      propertyPath: m_LocalRotation.y
      value: 0
      objectReference: {fileID: 0}
    - target: {fileID: 400000, guid: ee6cf5c7cde680846b39b0732038a6d2, type: 2}
      propertyPath: m_LocalRotation.z
      value: 0
      objectReference: {fileID: 0}
    - target: {fileID: 400000, guid: ee6cf5c7cde680846b39b0732038a6d2, type: 2}
      propertyPath: m_LocalRotation.w
      value: 1
      objectReference: {fileID: 0}
    m_RemovedComponents: []
  m_ParentPrefab: {fileID: 100100000, guid: ee6cf5c7cde680846b39b0732038a6d2, type: 2}
  m_RootGameObject: {fileID: 321652577}
  m_IsPrefabParent: 0
  m_IsExploded: 1
--- !u!1 &321652577
GameObject:
  m_ObjectHideFlags: 0
  m_PrefabParentObject: {fileID: 100000, guid: ee6cf5c7cde680846b39b0732038a6d2, type: 2}
  m_PrefabInternal: {fileID: 93147529}
  serializedVersion: 4
  m_Component:
  - 4: {fileID: 321652578}
  - 114: {fileID: 321652580}
  - 114: {fileID: 321652579}
  m_Layer: 0
  m_Name: GunEnemy
  m_TagString: Untagged
  m_Icon: {fileID: 0}
  m_NavMeshLayer: 0
  m_StaticEditorFlags: 0
  m_IsActive: 1
--- !u!4 &321652578
Transform:
  m_ObjectHideFlags: 0
  m_PrefabParentObject: {fileID: 400000, guid: ee6cf5c7cde680846b39b0732038a6d2, type: 2}
  m_PrefabInternal: {fileID: 93147529}
  m_GameObject: {fileID: 321652577}
  m_LocalRotation: {x: 0, y: 0, z: 0, w: 1}
  m_LocalPosition: {x: 8, y: 0, z: 0}
  m_LocalScale: {x: 1, y: 1, z: 1}
  m_Children:
  - {fileID: 793181521}
  m_Father: {fileID: 742879712}
--- !u!114 &321652579
MonoBehaviour:
  m_ObjectHideFlags: 0
  m_PrefabParentObject: {fileID: 11400000, guid: ee6cf5c7cde680846b39b0732038a6d2,
    type: 2}
  m_PrefabInternal: {fileID: 93147529}
  m_GameObject: {fileID: 321652577}
  m_Enabled: 1
  m_EditorHideFlags: 0
  m_Script: {fileID: 11500000, guid: 53e3ea2811f6a2f449f30b330e7237eb, type: 3}
  m_Name: 
  m_EditorClassIdentifier: 
  millisecondsBetweenEmit: 100
  gunBullet: {fileID: 100000, guid: 269fea946e53bfd40a49c6c6816279a2, type: 2}
--- !u!114 &321652580
MonoBehaviour:
  m_ObjectHideFlags: 0
  m_PrefabParentObject: {fileID: 11400004, guid: ee6cf5c7cde680846b39b0732038a6d2,
    type: 2}
  m_PrefabInternal: {fileID: 93147529}
  m_GameObject: {fileID: 321652577}
  m_Enabled: 1
  m_EditorHideFlags: 0
  m_Script: {fileID: 11500000, guid: c58317c1a54389f4d9b5d76287cffbe8, type: 3}
  m_Name: 
  m_EditorClassIdentifier: 
  rotationSpeed: 1
--- !u!1 &395838508
GameObject:
  m_ObjectHideFlags: 0
  m_PrefabParentObject: {fileID: 100002, guid: ee6cf5c7cde680846b39b0732038a6d2, type: 2}
  m_PrefabInternal: {fileID: 2117005866}
  serializedVersion: 4
  m_Component:
  - 4: {fileID: 395838509}
  - 212: {fileID: 395838512}
  - 61: {fileID: 395838511}
  - 114: {fileID: 395838510}
  m_Layer: 0
  m_Name: GunEnemySprite
  m_TagString: Enemy
  m_Icon: {fileID: 0}
  m_NavMeshLayer: 0
  m_StaticEditorFlags: 0
  m_IsActive: 1
--- !u!4 &395838509
Transform:
  m_ObjectHideFlags: 0
  m_PrefabParentObject: {fileID: 400002, guid: ee6cf5c7cde680846b39b0732038a6d2, type: 2}
  m_PrefabInternal: {fileID: 2117005866}
  m_GameObject: {fileID: 395838508}
  m_LocalRotation: {x: 0, y: 0, z: 0, w: 1}
  m_LocalPosition: {x: 0, y: .200000003, z: 0}
  m_LocalScale: {x: 15, y: 50, z: 1}
  m_Children: []
  m_Father: {fileID: 2082230642}
--- !u!114 &395838510
MonoBehaviour:
  m_ObjectHideFlags: 0
  m_PrefabParentObject: {fileID: 11400002, guid: ee6cf5c7cde680846b39b0732038a6d2,
    type: 2}
  m_PrefabInternal: {fileID: 2117005866}
  m_GameObject: {fileID: 395838508}
  m_Enabled: 1
  m_EditorHideFlags: 0
  m_Script: {fileID: 11500000, guid: 12d9cb325c7b0be4eaf5e9e05219f509, type: 3}
  m_Name: 
  m_EditorClassIdentifier: 
  health: 100
  pointsWorth: 10
--- !u!61 &395838511
BoxCollider2D:
  m_ObjectHideFlags: 0
  m_PrefabParentObject: {fileID: 6100000, guid: ee6cf5c7cde680846b39b0732038a6d2,
    type: 2}
  m_PrefabInternal: {fileID: 2117005866}
  m_GameObject: {fileID: 395838508}
  m_Enabled: 1
  m_Material: {fileID: 0}
  m_IsTrigger: 0
  m_Size: {x: .00999999978, y: .00999999978}
  m_Center: {x: 0, y: 0}
--- !u!212 &395838512
SpriteRenderer:
  m_ObjectHideFlags: 0
  m_PrefabParentObject: {fileID: 21200000, guid: ee6cf5c7cde680846b39b0732038a6d2,
    type: 2}
  m_PrefabInternal: {fileID: 2117005866}
  m_GameObject: {fileID: 395838508}
  m_Enabled: 1
  m_CastShadows: 0
  m_ReceiveShadows: 0
  m_LightmapIndex: 255
  m_LightmapTilingOffset: {x: 1, y: 1, z: 0, w: 0}
  m_Materials:
  - {fileID: 10754, guid: 0000000000000000e000000000000000, type: 0}
  m_SubsetIndices: 
  m_StaticBatchRoot: {fileID: 0}
  m_UseLightProbes: 0
  m_LightProbeAnchor: {fileID: 0}
  m_ScaleInLightmap: 1
  m_SortingLayer: 0
  m_SortingOrder: 0
  m_SortingLayerID: 0
  m_Sprite: {fileID: 21300000, guid: 92f1a46efa380d547be7bc6612ed9a26, type: 3}
  m_Color: {r: 1, g: 1, b: 1, a: 1}
--- !u!1 &432653755
GameObject:
  m_ObjectHideFlags: 0
  m_PrefabParentObject: {fileID: 100002, guid: ee6cf5c7cde680846b39b0732038a6d2, type: 2}
  m_PrefabInternal: {fileID: 965874829}
  serializedVersion: 4
  m_Component:
  - 4: {fileID: 432653756}
  - 212: {fileID: 432653759}
  - 61: {fileID: 432653758}
  - 114: {fileID: 432653757}
  m_Layer: 0
  m_Name: GunEnemySprite
  m_TagString: Enemy
  m_Icon: {fileID: 0}
  m_NavMeshLayer: 0
  m_StaticEditorFlags: 0
  m_IsActive: 1
--- !u!4 &432653756
Transform:
  m_ObjectHideFlags: 0
  m_PrefabParentObject: {fileID: 400002, guid: ee6cf5c7cde680846b39b0732038a6d2, type: 2}
  m_PrefabInternal: {fileID: 965874829}
  m_GameObject: {fileID: 432653755}
  m_LocalRotation: {x: 0, y: 0, z: 0, w: 1}
  m_LocalPosition: {x: 0, y: .200000003, z: 0}
  m_LocalScale: {x: 15, y: 50, z: 1}
  m_Children: []
  m_Father: {fileID: 719451374}
--- !u!114 &432653757
MonoBehaviour:
  m_ObjectHideFlags: 0
  m_PrefabParentObject: {fileID: 11400002, guid: ee6cf5c7cde680846b39b0732038a6d2,
    type: 2}
  m_PrefabInternal: {fileID: 965874829}
  m_GameObject: {fileID: 432653755}
  m_Enabled: 1
  m_EditorHideFlags: 0
  m_Script: {fileID: 11500000, guid: 12d9cb325c7b0be4eaf5e9e05219f509, type: 3}
  m_Name: 
  m_EditorClassIdentifier: 
  health: 100
  pointsWorth: 10
--- !u!61 &432653758
BoxCollider2D:
  m_ObjectHideFlags: 0
  m_PrefabParentObject: {fileID: 6100000, guid: ee6cf5c7cde680846b39b0732038a6d2,
    type: 2}
  m_PrefabInternal: {fileID: 965874829}
  m_GameObject: {fileID: 432653755}
  m_Enabled: 1
  m_Material: {fileID: 0}
  m_IsTrigger: 0
  m_Size: {x: .00999999978, y: .00999999978}
  m_Center: {x: 0, y: 0}
--- !u!212 &432653759
SpriteRenderer:
  m_ObjectHideFlags: 0
  m_PrefabParentObject: {fileID: 21200000, guid: ee6cf5c7cde680846b39b0732038a6d2,
    type: 2}
  m_PrefabInternal: {fileID: 965874829}
  m_GameObject: {fileID: 432653755}
  m_Enabled: 1
  m_CastShadows: 0
  m_ReceiveShadows: 0
  m_LightmapIndex: 255
  m_LightmapTilingOffset: {x: 1, y: 1, z: 0, w: 0}
  m_Materials:
  - {fileID: 10754, guid: 0000000000000000e000000000000000, type: 0}
  m_SubsetIndices: 
  m_StaticBatchRoot: {fileID: 0}
  m_UseLightProbes: 0
  m_LightProbeAnchor: {fileID: 0}
  m_ScaleInLightmap: 1
  m_SortingLayer: 0
  m_SortingOrder: 0
  m_SortingLayerID: 0
  m_Sprite: {fileID: 21300000, guid: 92f1a46efa380d547be7bc6612ed9a26, type: 3}
  m_Color: {r: 1, g: 1, b: 1, a: 1}
--- !u!1 &477047794
GameObject:
  m_ObjectHideFlags: 0
  m_PrefabParentObject: {fileID: 100002, guid: ee6cf5c7cde680846b39b0732038a6d2, type: 2}
  m_PrefabInternal: {fileID: 748340208}
  serializedVersion: 4
  m_Component:
  - 4: {fileID: 477047795}
  - 212: {fileID: 477047798}
  - 61: {fileID: 477047797}
  - 114: {fileID: 477047796}
  m_Layer: 0
  m_Name: GunEnemySprite
  m_TagString: Enemy
  m_Icon: {fileID: 0}
  m_NavMeshLayer: 0
  m_StaticEditorFlags: 0
  m_IsActive: 1
--- !u!4 &477047795
Transform:
  m_ObjectHideFlags: 0
  m_PrefabParentObject: {fileID: 400002, guid: ee6cf5c7cde680846b39b0732038a6d2, type: 2}
  m_PrefabInternal: {fileID: 748340208}
  m_GameObject: {fileID: 477047794}
  m_LocalRotation: {x: 0, y: 0, z: 0, w: 1}
  m_LocalPosition: {x: 0, y: .200000003, z: 0}
  m_LocalScale: {x: 15, y: 50, z: 1}
  m_Children: []
  m_Father: {fileID: 1314268345}
--- !u!114 &477047796
MonoBehaviour:
  m_ObjectHideFlags: 0
  m_PrefabParentObject: {fileID: 11400002, guid: ee6cf5c7cde680846b39b0732038a6d2,
    type: 2}
  m_PrefabInternal: {fileID: 748340208}
  m_GameObject: {fileID: 477047794}
  m_Enabled: 1
  m_EditorHideFlags: 0
  m_Script: {fileID: 11500000, guid: 12d9cb325c7b0be4eaf5e9e05219f509, type: 3}
  m_Name: 
  m_EditorClassIdentifier: 
  health: 100
  pointsWorth: 10
--- !u!61 &477047797
BoxCollider2D:
  m_ObjectHideFlags: 0
  m_PrefabParentObject: {fileID: 6100000, guid: ee6cf5c7cde680846b39b0732038a6d2,
    type: 2}
  m_PrefabInternal: {fileID: 748340208}
  m_GameObject: {fileID: 477047794}
  m_Enabled: 1
  m_Material: {fileID: 0}
  m_IsTrigger: 0
  m_Size: {x: .00999999978, y: .00999999978}
  m_Center: {x: 0, y: 0}
--- !u!212 &477047798
SpriteRenderer:
  m_ObjectHideFlags: 0
  m_PrefabParentObject: {fileID: 21200000, guid: ee6cf5c7cde680846b39b0732038a6d2,
    type: 2}
  m_PrefabInternal: {fileID: 748340208}
  m_GameObject: {fileID: 477047794}
  m_Enabled: 1
  m_CastShadows: 0
  m_ReceiveShadows: 0
  m_LightmapIndex: 255
  m_LightmapTilingOffset: {x: 1, y: 1, z: 0, w: 0}
  m_Materials:
  - {fileID: 10754, guid: 0000000000000000e000000000000000, type: 0}
  m_SubsetIndices: 
  m_StaticBatchRoot: {fileID: 0}
  m_UseLightProbes: 0
  m_LightProbeAnchor: {fileID: 0}
  m_ScaleInLightmap: 1
  m_SortingLayer: 0
  m_SortingOrder: 0
  m_SortingLayerID: 0
  m_Sprite: {fileID: 21300000, guid: 92f1a46efa380d547be7bc6612ed9a26, type: 3}
  m_Color: {r: 1, g: 1, b: 1, a: 1}
--- !u!1 &628339026
GameObject:
  m_ObjectHideFlags: 0
  m_PrefabParentObject: {fileID: 100000, guid: ee6cf5c7cde680846b39b0732038a6d2, type: 2}
  m_PrefabInternal: {fileID: 2146604939}
  serializedVersion: 4
  m_Component:
  - 4: {fileID: 628339027}
  - 114: {fileID: 628339029}
  - 114: {fileID: 628339028}
  m_Layer: 0
  m_Name: GunEnemy
  m_TagString: Untagged
  m_Icon: {fileID: 0}
  m_NavMeshLayer: 0
  m_StaticEditorFlags: 0
  m_IsActive: 1
--- !u!4 &628339027
Transform:
  m_ObjectHideFlags: 0
  m_PrefabParentObject: {fileID: 400000, guid: ee6cf5c7cde680846b39b0732038a6d2, type: 2}
  m_PrefabInternal: {fileID: 2146604939}
  m_GameObject: {fileID: 628339026}
  m_LocalRotation: {x: 0, y: 0, z: 0, w: 1}
  m_LocalPosition: {x: -8, y: 0, z: 0}
  m_LocalScale: {x: 1, y: 1, z: 1}
  m_Children:
  - {fileID: 1126145842}
  m_Father: {fileID: 742879712}
--- !u!114 &628339028
MonoBehaviour:
  m_ObjectHideFlags: 0
  m_PrefabParentObject: {fileID: 11400000, guid: ee6cf5c7cde680846b39b0732038a6d2,
    type: 2}
  m_PrefabInternal: {fileID: 2146604939}
  m_GameObject: {fileID: 628339026}
  m_Enabled: 1
  m_EditorHideFlags: 0
  m_Script: {fileID: 11500000, guid: 53e3ea2811f6a2f449f30b330e7237eb, type: 3}
  m_Name: 
  m_EditorClassIdentifier: 
  millisecondsBetweenEmit: 100
  gunBullet: {fileID: 100000, guid: 269fea946e53bfd40a49c6c6816279a2, type: 2}
--- !u!114 &628339029
MonoBehaviour:
  m_ObjectHideFlags: 0
  m_PrefabParentObject: {fileID: 11400004, guid: ee6cf5c7cde680846b39b0732038a6d2,
    type: 2}
  m_PrefabInternal: {fileID: 2146604939}
  m_GameObject: {fileID: 628339026}
  m_Enabled: 1
  m_EditorHideFlags: 0
  m_Script: {fileID: 11500000, guid: c58317c1a54389f4d9b5d76287cffbe8, type: 3}
  m_Name: 
  m_EditorClassIdentifier: 
  rotationSpeed: 1
--- !u!1 &719451373
GameObject:
  m_ObjectHideFlags: 0
  m_PrefabParentObject: {fileID: 100000, guid: ee6cf5c7cde680846b39b0732038a6d2, type: 2}
  m_PrefabInternal: {fileID: 965874829}
  serializedVersion: 4
  m_Component:
  - 4: {fileID: 719451374}
  - 114: {fileID: 719451376}
  - 114: {fileID: 719451375}
  m_Layer: 0
  m_Name: GunEnemy
  m_TagString: Untagged
  m_Icon: {fileID: 0}
  m_NavMeshLayer: 0
  m_StaticEditorFlags: 0
  m_IsActive: 1
--- !u!4 &719451374
Transform:
  m_ObjectHideFlags: 0
  m_PrefabParentObject: {fileID: 400000, guid: ee6cf5c7cde680846b39b0732038a6d2, type: 2}
  m_PrefabInternal: {fileID: 965874829}
  m_GameObject: {fileID: 719451373}
  m_LocalRotation: {x: 0, y: 0, z: 0, w: 1}
  m_LocalPosition: {x: 8, y: -4, z: 0}
  m_LocalScale: {x: 1, y: 1, z: 1}
  m_Children:
  - {fileID: 432653756}
  m_Father: {fileID: 742879712}
--- !u!114 &719451375
MonoBehaviour:
  m_ObjectHideFlags: 0
  m_PrefabParentObject: {fileID: 11400000, guid: ee6cf5c7cde680846b39b0732038a6d2,
    type: 2}
  m_PrefabInternal: {fileID: 965874829}
  m_GameObject: {fileID: 719451373}
  m_Enabled: 1
  m_EditorHideFlags: 0
  m_Script: {fileID: 11500000, guid: 53e3ea2811f6a2f449f30b330e7237eb, type: 3}
  m_Name: 
  m_EditorClassIdentifier: 
  millisecondsBetweenEmit: 100
  gunBullet: {fileID: 100000, guid: 269fea946e53bfd40a49c6c6816279a2, type: 2}
--- !u!114 &719451376
MonoBehaviour:
  m_ObjectHideFlags: 0
  m_PrefabParentObject: {fileID: 11400004, guid: ee6cf5c7cde680846b39b0732038a6d2,
    type: 2}
  m_PrefabInternal: {fileID: 965874829}
  m_GameObject: {fileID: 719451373}
  m_Enabled: 1
  m_EditorHideFlags: 0
  m_Script: {fileID: 11500000, guid: c58317c1a54389f4d9b5d76287cffbe8, type: 3}
  m_Name: 
  m_EditorClassIdentifier: 
  rotationSpeed: 1
--- !u!1 &742879711
GameObject:
  m_ObjectHideFlags: 0
  m_PrefabParentObject: {fileID: 0}
  m_PrefabInternal: {fileID: 0}
  serializedVersion: 4
  m_Component:
  - 4: {fileID: 742879712}
  m_Layer: 0
  m_Name: Enemys
  m_TagString: EnemyContainer
  m_Icon: {fileID: 0}
  m_NavMeshLayer: 0
  m_StaticEditorFlags: 0
  m_IsActive: 1
--- !u!4 &742879712
Transform:
  m_ObjectHideFlags: 0
  m_PrefabParentObject: {fileID: 0}
  m_PrefabInternal: {fileID: 0}
  m_GameObject: {fileID: 742879711}
  m_LocalRotation: {x: 0, y: 0, z: 0, w: 1}
  m_LocalPosition: {x: 0, y: 0, z: 0}
  m_LocalScale: {x: 1, y: 1, z: 1}
  m_Children:
  - {fileID: 628339027}
  - {fileID: 321652578}
  - {fileID: 1243459714}
  - {fileID: 2082230642}
  - {fileID: 1314268345}
  - {fileID: 719451374}
  m_Father: {fileID: 0}
--- !u!1001 &747773674
Prefab:
  m_ObjectHideFlags: 0
  serializedVersion: 2
  m_Modification:
    m_TransformParent: {fileID: 742879712}
    m_Modifications:
    - target: {fileID: 400000, guid: ee6cf5c7cde680846b39b0732038a6d2, type: 2}
      propertyPath: m_LocalPosition.x
      value: -8
      objectReference: {fileID: 0}
    - target: {fileID: 400000, guid: ee6cf5c7cde680846b39b0732038a6d2, type: 2}
      propertyPath: m_LocalPosition.y
      value: -4
      objectReference: {fileID: 0}
    - target: {fileID: 400000, guid: ee6cf5c7cde680846b39b0732038a6d2, type: 2}
      propertyPath: m_LocalPosition.z
      value: 0
      objectReference: {fileID: 0}
    - target: {fileID: 400000, guid: ee6cf5c7cde680846b39b0732038a6d2, type: 2}
      propertyPath: m_LocalRotation.x
      value: 0
      objectReference: {fileID: 0}
    - target: {fileID: 400000, guid: ee6cf5c7cde680846b39b0732038a6d2, type: 2}
      propertyPath: m_LocalRotation.y
      value: 0
      objectReference: {fileID: 0}
    - target: {fileID: 400000, guid: ee6cf5c7cde680846b39b0732038a6d2, type: 2}
      propertyPath: m_LocalRotation.z
      value: 0
      objectReference: {fileID: 0}
    - target: {fileID: 400000, guid: ee6cf5c7cde680846b39b0732038a6d2, type: 2}
      propertyPath: m_LocalRotation.w
      value: 1
      objectReference: {fileID: 0}
    m_RemovedComponents: []
  m_ParentPrefab: {fileID: 100100000, guid: ee6cf5c7cde680846b39b0732038a6d2, type: 2}
  m_RootGameObject: {fileID: 1243459713}
  m_IsPrefabParent: 0
  m_IsExploded: 1
--- !u!1001 &748340208
Prefab:
  m_ObjectHideFlags: 0
  serializedVersion: 2
  m_Modification:
    m_TransformParent: {fileID: 742879712}
    m_Modifications:
    - target: {fileID: 400000, guid: ee6cf5c7cde680846b39b0732038a6d2, type: 2}
      propertyPath: m_LocalPosition.x
      value: 8
      objectReference: {fileID: 0}
    - target: {fileID: 400000, guid: ee6cf5c7cde680846b39b0732038a6d2, type: 2}
      propertyPath: m_LocalPosition.y
      value: 4
      objectReference: {fileID: 0}
    - target: {fileID: 400000, guid: ee6cf5c7cde680846b39b0732038a6d2, type: 2}
      propertyPath: m_LocalPosition.z
      value: 0
      objectReference: {fileID: 0}
    - target: {fileID: 400000, guid: ee6cf5c7cde680846b39b0732038a6d2, type: 2}
      propertyPath: m_LocalRotation.x
      value: 0
      objectReference: {fileID: 0}
    - target: {fileID: 400000, guid: ee6cf5c7cde680846b39b0732038a6d2, type: 2}
      propertyPath: m_LocalRotation.y
      value: 0
      objectReference: {fileID: 0}
    - target: {fileID: 400000, guid: ee6cf5c7cde680846b39b0732038a6d2, type: 2}
      propertyPath: m_LocalRotation.z
      value: 0
      objectReference: {fileID: 0}
    - target: {fileID: 400000, guid: ee6cf5c7cde680846b39b0732038a6d2, type: 2}
      propertyPath: m_LocalRotation.w
      value: 1
      objectReference: {fileID: 0}
    m_RemovedComponents: []
  m_ParentPrefab: {fileID: 100100000, guid: ee6cf5c7cde680846b39b0732038a6d2, type: 2}
  m_RootGameObject: {fileID: 1314268344}
  m_IsPrefabParent: 0
  m_IsExploded: 1
--- !u!1 &793181520
GameObject:
  m_ObjectHideFlags: 0
  m_PrefabParentObject: {fileID: 100002, guid: ee6cf5c7cde680846b39b0732038a6d2, type: 2}
  m_PrefabInternal: {fileID: 93147529}
  serializedVersion: 4
  m_Component:
  - 4: {fileID: 793181521}
  - 212: {fileID: 793181524}
  - 61: {fileID: 793181523}
  - 114: {fileID: 793181522}
  m_Layer: 0
  m_Name: GunEnemySprite
  m_TagString: Enemy
  m_Icon: {fileID: 0}
  m_NavMeshLayer: 0
  m_StaticEditorFlags: 0
  m_IsActive: 1
--- !u!4 &793181521
Transform:
  m_ObjectHideFlags: 0
  m_PrefabParentObject: {fileID: 400002, guid: ee6cf5c7cde680846b39b0732038a6d2, type: 2}
  m_PrefabInternal: {fileID: 93147529}
  m_GameObject: {fileID: 793181520}
  m_LocalRotation: {x: 0, y: 0, z: 0, w: 1}
  m_LocalPosition: {x: 0, y: .200000003, z: 0}
  m_LocalScale: {x: 15, y: 50, z: 1}
  m_Children: []
  m_Father: {fileID: 321652578}
--- !u!114 &793181522
MonoBehaviour:
  m_ObjectHideFlags: 0
  m_PrefabParentObject: {fileID: 11400002, guid: ee6cf5c7cde680846b39b0732038a6d2,
    type: 2}
  m_PrefabInternal: {fileID: 93147529}
  m_GameObject: {fileID: 793181520}
  m_Enabled: 1
  m_EditorHideFlags: 0
  m_Script: {fileID: 11500000, guid: 12d9cb325c7b0be4eaf5e9e05219f509, type: 3}
  m_Name: 
  m_EditorClassIdentifier: 
  health: 100
  pointsWorth: 10
--- !u!61 &793181523
BoxCollider2D:
  m_ObjectHideFlags: 0
  m_PrefabParentObject: {fileID: 6100000, guid: ee6cf5c7cde680846b39b0732038a6d2,
    type: 2}
  m_PrefabInternal: {fileID: 93147529}
  m_GameObject: {fileID: 793181520}
  m_Enabled: 1
  m_Material: {fileID: 0}
  m_IsTrigger: 0
  m_Size: {x: .00999999978, y: .00999999978}
  m_Center: {x: 0, y: 0}
--- !u!212 &793181524
SpriteRenderer:
  m_ObjectHideFlags: 0
  m_PrefabParentObject: {fileID: 21200000, guid: ee6cf5c7cde680846b39b0732038a6d2,
    type: 2}
  m_PrefabInternal: {fileID: 93147529}
  m_GameObject: {fileID: 793181520}
  m_Enabled: 1
  m_CastShadows: 0
  m_ReceiveShadows: 0
  m_LightmapIndex: 255
  m_LightmapTilingOffset: {x: 1, y: 1, z: 0, w: 0}
  m_Materials:
  - {fileID: 10754, guid: 0000000000000000e000000000000000, type: 0}
  m_SubsetIndices: 
  m_StaticBatchRoot: {fileID: 0}
  m_UseLightProbes: 0
  m_LightProbeAnchor: {fileID: 0}
  m_ScaleInLightmap: 1
  m_SortingLayer: 0
  m_SortingOrder: 0
  m_SortingLayerID: 0
  m_Sprite: {fileID: 21300000, guid: 92f1a46efa380d547be7bc6612ed9a26, type: 3}
  m_Color: {r: 1, g: 1, b: 1, a: 1}
--- !u!1001 &965874829
Prefab:
  m_ObjectHideFlags: 0
  serializedVersion: 2
  m_Modification:
    m_TransformParent: {fileID: 742879712}
    m_Modifications:
    - target: {fileID: 400000, guid: ee6cf5c7cde680846b39b0732038a6d2, type: 2}
      propertyPath: m_LocalPosition.x
      value: 8
      objectReference: {fileID: 0}
    - target: {fileID: 400000, guid: ee6cf5c7cde680846b39b0732038a6d2, type: 2}
      propertyPath: m_LocalPosition.y
      value: -4
      objectReference: {fileID: 0}
    - target: {fileID: 400000, guid: ee6cf5c7cde680846b39b0732038a6d2, type: 2}
      propertyPath: m_LocalPosition.z
      value: 0
      objectReference: {fileID: 0}
    - target: {fileID: 400000, guid: ee6cf5c7cde680846b39b0732038a6d2, type: 2}
      propertyPath: m_LocalRotation.x
      value: 0
      objectReference: {fileID: 0}
    - target: {fileID: 400000, guid: ee6cf5c7cde680846b39b0732038a6d2, type: 2}
      propertyPath: m_LocalRotation.y
      value: 0
      objectReference: {fileID: 0}
    - target: {fileID: 400000, guid: ee6cf5c7cde680846b39b0732038a6d2, type: 2}
      propertyPath: m_LocalRotation.z
      value: 0
      objectReference: {fileID: 0}
    - target: {fileID: 400000, guid: ee6cf5c7cde680846b39b0732038a6d2, type: 2}
      propertyPath: m_LocalRotation.w
      value: 1
      objectReference: {fileID: 0}
    m_RemovedComponents: []
  m_ParentPrefab: {fileID: 100100000, guid: ee6cf5c7cde680846b39b0732038a6d2, type: 2}
  m_RootGameObject: {fileID: 719451373}
  m_IsPrefabParent: 0
  m_IsExploded: 1
--- !u!1 &1126145841
GameObject:
  m_ObjectHideFlags: 0
  m_PrefabParentObject: {fileID: 100002, guid: ee6cf5c7cde680846b39b0732038a6d2, type: 2}
  m_PrefabInternal: {fileID: 2146604939}
  serializedVersion: 4
  m_Component:
  - 4: {fileID: 1126145842}
  - 212: {fileID: 1126145845}
  - 61: {fileID: 1126145844}
  - 114: {fileID: 1126145843}
  m_Layer: 0
  m_Name: GunEnemySprite
  m_TagString: Enemy
  m_Icon: {fileID: 0}
  m_NavMeshLayer: 0
  m_StaticEditorFlags: 0
  m_IsActive: 1
--- !u!4 &1126145842
Transform:
  m_ObjectHideFlags: 0
  m_PrefabParentObject: {fileID: 400002, guid: ee6cf5c7cde680846b39b0732038a6d2, type: 2}
  m_PrefabInternal: {fileID: 2146604939}
  m_GameObject: {fileID: 1126145841}
  m_LocalRotation: {x: 0, y: 0, z: 0, w: 1}
  m_LocalPosition: {x: 0, y: .200000003, z: 0}
  m_LocalScale: {x: 15, y: 50, z: 1}
  m_Children: []
  m_Father: {fileID: 628339027}
--- !u!114 &1126145843
MonoBehaviour:
  m_ObjectHideFlags: 0
  m_PrefabParentObject: {fileID: 11400002, guid: ee6cf5c7cde680846b39b0732038a6d2,
    type: 2}
  m_PrefabInternal: {fileID: 2146604939}
  m_GameObject: {fileID: 1126145841}
  m_Enabled: 1
  m_EditorHideFlags: 0
  m_Script: {fileID: 11500000, guid: 12d9cb325c7b0be4eaf5e9e05219f509, type: 3}
  m_Name: 
  m_EditorClassIdentifier: 
  health: 100
  pointsWorth: 10
--- !u!61 &1126145844
BoxCollider2D:
  m_ObjectHideFlags: 0
  m_PrefabParentObject: {fileID: 6100000, guid: ee6cf5c7cde680846b39b0732038a6d2,
    type: 2}
  m_PrefabInternal: {fileID: 2146604939}
  m_GameObject: {fileID: 1126145841}
  m_Enabled: 1
  m_Material: {fileID: 0}
  m_IsTrigger: 0
  m_Size: {x: .00999999978, y: .00999999978}
  m_Center: {x: 0, y: 0}
--- !u!212 &1126145845
SpriteRenderer:
  m_ObjectHideFlags: 0
  m_PrefabParentObject: {fileID: 21200000, guid: ee6cf5c7cde680846b39b0732038a6d2,
    type: 2}
  m_PrefabInternal: {fileID: 2146604939}
  m_GameObject: {fileID: 1126145841}
  m_Enabled: 1
  m_CastShadows: 0
  m_ReceiveShadows: 0
  m_LightmapIndex: 255
  m_LightmapTilingOffset: {x: 1, y: 1, z: 0, w: 0}
  m_Materials:
  - {fileID: 10754, guid: 0000000000000000e000000000000000, type: 0}
  m_SubsetIndices: 
  m_StaticBatchRoot: {fileID: 0}
  m_UseLightProbes: 0
  m_LightProbeAnchor: {fileID: 0}
  m_ScaleInLightmap: 1
  m_SortingLayer: 0
  m_SortingOrder: 0
  m_SortingLayerID: 0
  m_Sprite: {fileID: 21300000, guid: 92f1a46efa380d547be7bc6612ed9a26, type: 3}
  m_Color: {r: 1, g: 1, b: 1, a: 1}
--- !u!1 &1243459713
GameObject:
  m_ObjectHideFlags: 0
  m_PrefabParentObject: {fileID: 100000, guid: ee6cf5c7cde680846b39b0732038a6d2, type: 2}
  m_PrefabInternal: {fileID: 747773674}
  serializedVersion: 4
  m_Component:
  - 4: {fileID: 1243459714}
  - 114: {fileID: 1243459716}
  - 114: {fileID: 1243459715}
  m_Layer: 0
  m_Name: GunEnemy
  m_TagString: Untagged
  m_Icon: {fileID: 0}
  m_NavMeshLayer: 0
  m_StaticEditorFlags: 0
  m_IsActive: 1
--- !u!4 &1243459714
Transform:
  m_ObjectHideFlags: 0
  m_PrefabParentObject: {fileID: 400000, guid: ee6cf5c7cde680846b39b0732038a6d2, type: 2}
  m_PrefabInternal: {fileID: 747773674}
  m_GameObject: {fileID: 1243459713}
  m_LocalRotation: {x: 0, y: 0, z: 0, w: 1}
  m_LocalPosition: {x: -8, y: -4, z: 0}
  m_LocalScale: {x: 1, y: 1, z: 1}
  m_Children:
  - {fileID: 1537951360}
  m_Father: {fileID: 742879712}
--- !u!114 &1243459715
MonoBehaviour:
  m_ObjectHideFlags: 0
  m_PrefabParentObject: {fileID: 11400000, guid: ee6cf5c7cde680846b39b0732038a6d2,
    type: 2}
  m_PrefabInternal: {fileID: 747773674}
  m_GameObject: {fileID: 1243459713}
  m_Enabled: 1
  m_EditorHideFlags: 0
  m_Script: {fileID: 11500000, guid: 53e3ea2811f6a2f449f30b330e7237eb, type: 3}
  m_Name: 
  m_EditorClassIdentifier: 
  millisecondsBetweenEmit: 100
  gunBullet: {fileID: 100000, guid: 269fea946e53bfd40a49c6c6816279a2, type: 2}
--- !u!114 &1243459716
MonoBehaviour:
  m_ObjectHideFlags: 0
  m_PrefabParentObject: {fileID: 11400004, guid: ee6cf5c7cde680846b39b0732038a6d2,
    type: 2}
  m_PrefabInternal: {fileID: 747773674}
  m_GameObject: {fileID: 1243459713}
  m_Enabled: 1
  m_EditorHideFlags: 0
  m_Script: {fileID: 11500000, guid: c58317c1a54389f4d9b5d76287cffbe8, type: 3}
  m_Name: 
  m_EditorClassIdentifier: 
  rotationSpeed: 1
--- !u!1 &1314268344
GameObject:
  m_ObjectHideFlags: 0
  m_PrefabParentObject: {fileID: 100000, guid: ee6cf5c7cde680846b39b0732038a6d2, type: 2}
  m_PrefabInternal: {fileID: 748340208}
  serializedVersion: 4
  m_Component:
  - 4: {fileID: 1314268345}
  - 114: {fileID: 1314268347}
  - 114: {fileID: 1314268346}
  m_Layer: 0
  m_Name: GunEnemy
  m_TagString: Untagged
  m_Icon: {fileID: 0}
  m_NavMeshLayer: 0
  m_StaticEditorFlags: 0
  m_IsActive: 1
--- !u!4 &1314268345
Transform:
  m_ObjectHideFlags: 0
  m_PrefabParentObject: {fileID: 400000, guid: ee6cf5c7cde680846b39b0732038a6d2, type: 2}
  m_PrefabInternal: {fileID: 748340208}
  m_GameObject: {fileID: 1314268344}
  m_LocalRotation: {x: 0, y: 0, z: 0, w: 1}
  m_LocalPosition: {x: 8, y: 4, z: 0}
  m_LocalScale: {x: 1, y: 1, z: 1}
  m_Children:
  - {fileID: 477047795}
  m_Father: {fileID: 742879712}
--- !u!114 &1314268346
MonoBehaviour:
  m_ObjectHideFlags: 0
  m_PrefabParentObject: {fileID: 11400000, guid: ee6cf5c7cde680846b39b0732038a6d2,
    type: 2}
  m_PrefabInternal: {fileID: 748340208}
  m_GameObject: {fileID: 1314268344}
  m_Enabled: 1
  m_EditorHideFlags: 0
  m_Script: {fileID: 11500000, guid: 53e3ea2811f6a2f449f30b330e7237eb, type: 3}
  m_Name: 
  m_EditorClassIdentifier: 
  millisecondsBetweenEmit: 100
  gunBullet: {fileID: 100000, guid: 269fea946e53bfd40a49c6c6816279a2, type: 2}
--- !u!114 &1314268347
MonoBehaviour:
  m_ObjectHideFlags: 0
  m_PrefabParentObject: {fileID: 11400004, guid: ee6cf5c7cde680846b39b0732038a6d2,
    type: 2}
  m_PrefabInternal: {fileID: 748340208}
  m_GameObject: {fileID: 1314268344}
  m_Enabled: 1
  m_EditorHideFlags: 0
  m_Script: {fileID: 11500000, guid: c58317c1a54389f4d9b5d76287cffbe8, type: 3}
  m_Name: 
  m_EditorClassIdentifier: 
  rotationSpeed: 1
--- !u!1 &1537951359
GameObject:
  m_ObjectHideFlags: 0
  m_PrefabParentObject: {fileID: 100002, guid: ee6cf5c7cde680846b39b0732038a6d2, type: 2}
  m_PrefabInternal: {fileID: 747773674}
  serializedVersion: 4
  m_Component:
  - 4: {fileID: 1537951360}
  - 212: {fileID: 1537951363}
  - 61: {fileID: 1537951362}
  - 114: {fileID: 1537951361}
  m_Layer: 0
  m_Name: GunEnemySprite
  m_TagString: Enemy
  m_Icon: {fileID: 0}
  m_NavMeshLayer: 0
  m_StaticEditorFlags: 0
  m_IsActive: 1
--- !u!4 &1537951360
Transform:
  m_ObjectHideFlags: 0
  m_PrefabParentObject: {fileID: 400002, guid: ee6cf5c7cde680846b39b0732038a6d2, type: 2}
  m_PrefabInternal: {fileID: 747773674}
  m_GameObject: {fileID: 1537951359}
  m_LocalRotation: {x: 0, y: 0, z: 0, w: 1}
  m_LocalPosition: {x: 0, y: .200000003, z: 0}
  m_LocalScale: {x: 15, y: 50, z: 1}
  m_Children: []
  m_Father: {fileID: 1243459714}
--- !u!114 &1537951361
MonoBehaviour:
  m_ObjectHideFlags: 0
  m_PrefabParentObject: {fileID: 11400002, guid: ee6cf5c7cde680846b39b0732038a6d2,
    type: 2}
  m_PrefabInternal: {fileID: 747773674}
  m_GameObject: {fileID: 1537951359}
  m_Enabled: 1
  m_EditorHideFlags: 0
  m_Script: {fileID: 11500000, guid: 12d9cb325c7b0be4eaf5e9e05219f509, type: 3}
  m_Name: 
  m_EditorClassIdentifier: 
  health: 100
  pointsWorth: 10
--- !u!61 &1537951362
BoxCollider2D:
  m_ObjectHideFlags: 0
  m_PrefabParentObject: {fileID: 6100000, guid: ee6cf5c7cde680846b39b0732038a6d2,
    type: 2}
  m_PrefabInternal: {fileID: 747773674}
  m_GameObject: {fileID: 1537951359}
  m_Enabled: 1
  m_Material: {fileID: 0}
  m_IsTrigger: 0
  m_Size: {x: .00999999978, y: .00999999978}
  m_Center: {x: 0, y: 0}
--- !u!212 &1537951363
SpriteRenderer:
  m_ObjectHideFlags: 0
  m_PrefabParentObject: {fileID: 21200000, guid: ee6cf5c7cde680846b39b0732038a6d2,
    type: 2}
  m_PrefabInternal: {fileID: 747773674}
  m_GameObject: {fileID: 1537951359}
  m_Enabled: 1
  m_CastShadows: 0
  m_ReceiveShadows: 0
  m_LightmapIndex: 255
  m_LightmapTilingOffset: {x: 1, y: 1, z: 0, w: 0}
  m_Materials:
  - {fileID: 10754, guid: 0000000000000000e000000000000000, type: 0}
  m_SubsetIndices: 
  m_StaticBatchRoot: {fileID: 0}
  m_UseLightProbes: 0
  m_LightProbeAnchor: {fileID: 0}
  m_ScaleInLightmap: 1
  m_SortingLayer: 0
  m_SortingOrder: 0
  m_SortingLayerID: 0
  m_Sprite: {fileID: 21300000, guid: 92f1a46efa380d547be7bc6612ed9a26, type: 3}
  m_Color: {r: 1, g: 1, b: 1, a: 1}
--- !u!1 &2082230641
GameObject:
  m_ObjectHideFlags: 0
  m_PrefabParentObject: {fileID: 100000, guid: ee6cf5c7cde680846b39b0732038a6d2, type: 2}
  m_PrefabInternal: {fileID: 2117005866}
  serializedVersion: 4
  m_Component:
  - 4: {fileID: 2082230642}
  - 114: {fileID: 2082230644}
  - 114: {fileID: 2082230643}
  m_Layer: 0
  m_Name: GunEnemy
  m_TagString: Untagged
  m_Icon: {fileID: 0}
  m_NavMeshLayer: 0
  m_StaticEditorFlags: 0
  m_IsActive: 1
--- !u!4 &2082230642
Transform:
  m_ObjectHideFlags: 0
  m_PrefabParentObject: {fileID: 400000, guid: ee6cf5c7cde680846b39b0732038a6d2, type: 2}
  m_PrefabInternal: {fileID: 2117005866}
  m_GameObject: {fileID: 2082230641}
  m_LocalRotation: {x: 0, y: 0, z: 0, w: 1}
  m_LocalPosition: {x: -8, y: 4, z: 0}
  m_LocalScale: {x: 1, y: 1, z: 1}
  m_Children:
  - {fileID: 395838509}
  m_Father: {fileID: 742879712}
--- !u!114 &2082230643
MonoBehaviour:
  m_ObjectHideFlags: 0
  m_PrefabParentObject: {fileID: 11400000, guid: ee6cf5c7cde680846b39b0732038a6d2,
    type: 2}
  m_PrefabInternal: {fileID: 2117005866}
  m_GameObject: {fileID: 2082230641}
  m_Enabled: 1
  m_EditorHideFlags: 0
  m_Script: {fileID: 11500000, guid: 53e3ea2811f6a2f449f30b330e7237eb, type: 3}
  m_Name: 
  m_EditorClassIdentifier: 
  millisecondsBetweenEmit: 100
  gunBullet: {fileID: 100000, guid: 269fea946e53bfd40a49c6c6816279a2, type: 2}
--- !u!114 &2082230644
MonoBehaviour:
  m_ObjectHideFlags: 0
  m_PrefabParentObject: {fileID: 11400004, guid: ee6cf5c7cde680846b39b0732038a6d2,
    type: 2}
  m_PrefabInternal: {fileID: 2117005866}
  m_GameObject: {fileID: 2082230641}
  m_Enabled: 1
  m_EditorHideFlags: 0
  m_Script: {fileID: 11500000, guid: c58317c1a54389f4d9b5d76287cffbe8, type: 3}
  m_Name: 
  m_EditorClassIdentifier: 
  rotationSpeed: 1
--- !u!1001 &2117005866
Prefab:
  m_ObjectHideFlags: 0
  serializedVersion: 2
  m_Modification:
    m_TransformParent: {fileID: 742879712}
    m_Modifications:
    - target: {fileID: 400000, guid: ee6cf5c7cde680846b39b0732038a6d2, type: 2}
      propertyPath: m_LocalPosition.x
      value: -8
      objectReference: {fileID: 0}
    - target: {fileID: 400000, guid: ee6cf5c7cde680846b39b0732038a6d2, type: 2}
      propertyPath: m_LocalPosition.y
      value: 4
      objectReference: {fileID: 0}
    - target: {fileID: 400000, guid: ee6cf5c7cde680846b39b0732038a6d2, type: 2}
      propertyPath: m_LocalPosition.z
      value: 0
      objectReference: {fileID: 0}
    - target: {fileID: 400000, guid: ee6cf5c7cde680846b39b0732038a6d2, type: 2}
      propertyPath: m_LocalRotation.x
      value: 0
      objectReference: {fileID: 0}
    - target: {fileID: 400000, guid: ee6cf5c7cde680846b39b0732038a6d2, type: 2}
      propertyPath: m_LocalRotation.y
      value: 0
      objectReference: {fileID: 0}
    - target: {fileID: 400000, guid: ee6cf5c7cde680846b39b0732038a6d2, type: 2}
      propertyPath: m_LocalRotation.z
      value: 0
      objectReference: {fileID: 0}
    - target: {fileID: 400000, guid: ee6cf5c7cde680846b39b0732038a6d2, type: 2}
      propertyPath: m_LocalRotation.w
      value: 1
      objectReference: {fileID: 0}
    m_RemovedComponents: []
  m_ParentPrefab: {fileID: 100100000, guid: ee6cf5c7cde680846b39b0732038a6d2, type: 2}
  m_RootGameObject: {fileID: 2082230641}
  m_IsPrefabParent: 0
  m_IsExploded: 1
--- !u!1001 &2146604939
Prefab:
  m_ObjectHideFlags: 0
  serializedVersion: 2
  m_Modification:
    m_TransformParent: {fileID: 742879712}
    m_Modifications:
    - target: {fileID: 400000, guid: ee6cf5c7cde680846b39b0732038a6d2, type: 2}
      propertyPath: m_LocalPosition.x
      value: -8
      objectReference: {fileID: 0}
    - target: {fileID: 400000, guid: ee6cf5c7cde680846b39b0732038a6d2, type: 2}
      propertyPath: m_LocalPosition.y
      value: 0
      objectReference: {fileID: 0}
    - target: {fileID: 400000, guid: ee6cf5c7cde680846b39b0732038a6d2, type: 2}
      propertyPath: m_LocalPosition.z
      value: 0
      objectReference: {fileID: 0}
    - target: {fileID: 400000, guid: ee6cf5c7cde680846b39b0732038a6d2, type: 2}
      propertyPath: m_LocalRotation.x
      value: 0
      objectReference: {fileID: 0}
    - target: {fileID: 400000, guid: ee6cf5c7cde680846b39b0732038a6d2, type: 2}
      propertyPath: m_LocalRotation.y
      value: 0
      objectReference: {fileID: 0}
    - target: {fileID: 400000, guid: ee6cf5c7cde680846b39b0732038a6d2, type: 2}
      propertyPath: m_LocalRotation.z
      value: 0
      objectReference: {fileID: 0}
    - target: {fileID: 400000, guid: ee6cf5c7cde680846b39b0732038a6d2, type: 2}
      propertyPath: m_LocalRotation.w
      value: 1
      objectReference: {fileID: 0}
    m_RemovedComponents: []
  m_ParentPrefab: {fileID: 100100000, guid: ee6cf5c7cde680846b39b0732038a6d2, type: 2}
  m_RootGameObject: {fileID: 628339026}
  m_IsPrefabParent: 0
  m_IsExploded: 1
